1.
@article{surveyOnSensors,
  title={A survey on human activity recognition using wearable sensors},
  author={Lara, Oscar D and Labrador, Miguel A},
  journal={Communications Surveys \& Tutorials, IEEE},
  volume={15},
  number={3},
  pages={1192--1209},
  year={2013},
  publisher={IEEE}
}
2.
@article{surveyOnVision,
  title={A survey on vision-based human action recognition},
  author={Poppe, Ronald},
  journal={Image and vision computing},
  volume={28},
  number={6},
  pages={976--990},
  year={2010},
  publisher={Elsevier}
}
3.
@article{sensorBased,
  title={Sensor-based activity recognition},
  author={Chen, Liming and Hoey, Jesse and Nugent, Chris D and Cook, Diane J and Yu, Zhiwen},
  journal={Systems, man, and cybernetics, Part C: Applications and reviews, IEEE Transactions on},
  volume={42},
  number={6},
  pages={790--808},
  year={2012},
  publisher={IEEE}
}
4.
@article{smartphoneSensor,
  title={Activity recognition with smartphone sensors},
  author={Su, Xing and Tong, Hanghang and Ji, Ping},
  journal={Tsinghua Science and Technology},
  volume={19},
  number={3},
  pages={235--249},
  year={2014},
  publisher={TUP}
}
5.
@inproceedings{oneSensorbased,
  title={USC-HAD: a daily activity dataset for ubiquitous activity recognition using wearable sensors},
  author={Zhang, Mi and Sawchuk, Alexander A},
  booktitle={Proceedings of the 2012 ACM Conference on Ubiquitous Computing},
  pages={1036--1043},
  year={2012},
  organization={ACM}
}
6.
@article{reviewOnSensorbased,
  title={A review of accelerometry-based wearable motion detectors for physical activity monitoring},
  author={Yang, Che-Chang and Hsu, Yeh-Liang},
  journal={Sensors},
  volume={10},
  number={8},
  pages={7772--7788},
  year={2010},
  publisher={Molecular Diversity Preservation International}
}

7.
@article{surveyOnSensorBased,
  title={The use of pervasive sensing for behaviour profiling—a survey},
  author={Atallah, Louis and Yang, Guang-Zhong},
  journal={Pervasive and Mobile Computing},
  volume={5},
  number={5},
  pages={447--464},
  year={2009},
  publisher={Elsevier}
}
8.
@article{surveyOnMobileSensing,
  title={A survey of mobile phone sensing},
  author={Lane, Nicholas D and Miluzzo, Emiliano and Lu, Hong and Peebles, Daniel and Choudhury, Tanzeem and Campbell, Andrew T},
  journal={Communications Magazine, IEEE},
  volume={48},
  number={9},
  pages={140--150},
  year={2010},
  publisher={IEEE}
}
9.
@inproceedings{diffSensors,
  title={Towards physical activity recognition using smartphone sensors},
  author={Shoaib, Mohammed and Scholten, Hans and Havinga, Paul JM},
  booktitle={Ubiquitous Intelligence and Computing, 2013 IEEE 10th International Conference on and 10th International Conference on Autonomic and Trusted Computing (UIC/ATC)},
  pages={80--87},
  year={2013},
  organization={IEEE}
}
10.
@inproceedings{fixPositionandOrientation1,
  title={Activity Recognition with sensors on mobile devices},
  author={Hung, Wei-Chih and Shen, Fan and Wu, Yi-Leh and Hor, Maw-Kae and Tang, Cheng-Yuan},
  booktitle={Machine Learning and Cybernetics (ICMLC), 2014 International Conference on},
  volume={2},
  pages={449--454},
  year={2014},
  organization={IEEE}
}
11.
@inproceedings{fixPositionandOrientation2,
  title={Adaptive energy-saving strategy for activity recognition on mobile phone},
  author={Viet, Vo Quang and Thang, Hoang Minh and Choi, Deokjai},
  booktitle={Signal Processing and Information Technology (ISSPIT), 2012 IEEE International Symposium on},
  pages={000095--000100},
  year={2012},
  organization={IEEE}
}
@inproceedings{orientationProblem,
  title={Accurate activity recognition using a mobile phone regardless of device orientation and location},
  author={Henpraserttae, Apiwat and Thiemjarus, Surapa and Marukatat, Sanparith},
  booktitle={Body Sensor Networks (BSN), 2011 International Conference on},
  pages={41--46},
  year={2011},
  organization={IEEE}
}

@inproceedings{fixOrientationData,
  title={Evaluation of Human Activity Recognition and Fall Detection Using Android Phone},
  author={Rasheed, Muhammad Babar and Javaid, Nadeem and Ali Alghamdi, Turki and Mukhtar, Sana and Qasim, Umar and Ali Khan, Zahoor and Raja, M},
  booktitle={Advanced Information Networking and Applications (AINA), 2015 IEEE 29th International Conference on},
  pages={163--170},
  year={2015},
  organization={IEEE}
}

@inproceedings{orientationTransation1,
  title={Activity recognition using smartphone sensors},
  author={Anjum, Ashiq and Ilyas, Muhammad Usman},
  booktitle={Consumer Communications and Networking Conference (CCNC), 2013 IEEE},
  pages={914--919},
  year={2013},
  organization={IEEE}
}
@inproceedings{orientationTransation2,
  title={A study on instance-based learning with reduced training prototypes for device-context-independent activity recognition on a mobile phone},
  author={Thiemjarus, Surapa and Henpraserttae, Apiwat and Marukatat, Sanparith},
  booktitle={Body Sensor Networks (BSN), 2013 IEEE International Conference on},
  pages={1--6},
  year={2013},
  organization={IEEE}
}

@inproceedings{frequencyForPosition,
  title={Position-independent activity recognition model for smartphone based on frequency domain algorithm},
  author={Wang, Changhai and Zhang, JianZhong and Wang, Zhicheng and Wang, Jian},
  booktitle={Computer Science and Network Technology (ICCSNT), 2013 3rd International Conference on},
  pages={396--399},
  year={2013},
  organization={IEEE}
}

@inproceedings{positionClassifier,
  title={An investigation into non-invasive physical activity recognition using smartphones},
  author={Kelly, Denis and Caulfield, Brian},
  booktitle={Engineering in Medicine and Biology Society (EMBC), 2012 Annual International Conference of the IEEE},
  pages={3340--3343},
  year={2012},
  organization={IEEE}
}

@article{positionClassifierProblem,
  title={Adaptive and energy efficient context representation framework in mobile sensing},
  author={Yurur, Ozgur and Labrador, Miguel and Moreno, Wilfrido},
  journal={Mobile Computing, IEEE Transactions on},
  volume={13},
  number={8},
  pages={1681--1693},
  year={2014},
  publisher={IEEE}
}

@inproceedings{otherSensorCompensate,
  title={Activity recognition by smartphone based multi-channel sensors with genetic programming},
  author={Xie, Feng and Song, Andrew and Ciesielski, Vic},
  booktitle={Evolutionary Computation (CEC), 2013 IEEE Congress on},
  pages={1162--1169},
  year={2013},
  organization={IEEE}
}

@inproceedings{othersensorInstance1,
  title={A device-orientation independent method for activity recognition},
  author={Thiemjarus, Surapa},
  booktitle={Body Sensor Networks (BSN), 2010 International Conference on},
  pages={19--23},
  year={2010},
  organization={IEEE}
}
@inproceedings{othersensorInstance2,
  title={Healthy: A diary system based on activity recognition using smartphone},
  author={Zhao, Kunlun and Du, Junzhao and Li, Congqi and Zhang, Chunlong and Liu, Hui and Xu, Chi},
  booktitle={Mobile Ad-Hoc and Sensor Systems (MASS), 2013 IEEE 10th International Conference on},
  pages={290--294},
  year={2013},
  organization={IEEE}
}


@inproceedings{pressureSensor,
  title={Integrating pressure and accelerometer sensing for improved activity recognition on smartphones},
  author={El Halabi, Ammar and Artail, Hassan},
  booktitle={Communications and Information Technology (ICCIT), 2013 Third International Conference on},
  pages={121--125},
  year={2013},
  organization={IEEE}
}

@inproceedings{gps,
  title={Clustering based transfer detection with fuzzy activity recognition from smart-phone GPS trajectories},
  author={Das, Rahul Deb and Ronald, Nicole and Winter, Stefan},
  booktitle={Intelligent Transportation Systems (ITSC), 2014 IEEE 17th International Conference on},
  pages={3138--3143},
  year={2014},
  organization={IEEE}
}

@inproceedings{modelVarialb,
  title={Energy-efficient continuous activity recognition on mobile phones: An activity-adaptive approach},
  author={Yan, Zhixian and Subbaraju, Vigneshwaran and Chakraborty, Dipanjan and Misra, Archan and Aberer, Karl},
  booktitle={Wearable Computers (ISWC), 2012 16th International Symposium on},
  pages={17--24},
  year={2012},
  organization={Ieee}
}

@inproceedings{sensorSet,
  title={A framework of energy efficient mobile sensing for automatic user state recognition},
  author={Wang, Yi and Lin, Jialiu and Annavaram, Murali and Jacobson, Quinn A and Hong, Jason and Krishnamachari, Bhaskar and Sadeh, Norman},
  booktitle={Proceedings of the 7th international conference on Mobile systems, applications, and services},
  pages={179--192},
  year={2009},
  organization={ACM}
}
@inproceedings{sensorSetAndmodel,
  title={Energy-efficient activity recognition using prediction},
  author={Gordon, Dawud and Czerny, J{\"u}rgen and Miyaki, Takashi and Beigl, Michael},
  booktitle={Wearable Computers (ISWC), 2012 16th International Symposium on},
  pages={29--36},
  year={2012},
  organization={IEEE}
}

@inproceedings{precionModel,
  title={Quality and energy aware data acquisition for activity and locomotion recognition},
  author={Viet, Nguyen Hoang and Munthe-Kaas, Ellen and Plagemann, Thomas},
  booktitle={Pervasive Computing and Communications Workshops (PERCOM Workshops), 2013 IEEE International Conference on},
  pages={493--498},
  year={2013},
  organization={IEEE}
}

@article{adapteStratery,
  title={Energy-efficient and context-aware smartphone sensor employment},
  author={Yurur, Ozgur and Liu, Chi Harold and Perera, Charith and Chen, Min and Liu, Xue and Moreno, Wilfrido},
  journal={Vehicular Technology, IEEE Transactions on},
  volume={64},
  number={9},
  pages={4230--4244},
  year={2015},
  publisher={IEEE}
}

@inproceedings{lu2010jigsaw,
  title={The Jigsaw continuous sensing engine for mobile phone applications},
  author={Lu, Hong and Yang, Jun and Liu, Zhigang and Lane, Nicholas D and Choudhury, Tanzeem and Campbell, Andrew T},
  booktitle={Proceedings of the 8th ACM Conference on Embedded Networked Sensor Systems},
  pages={71--84},
  year={2010},
  organization={ACM}
}

@article{bin2012classification,
  title={Classification algorithms in human activity recognition using smartphones},
  author={bin Abdullah, Mohd Fikri Azli and Negara, Ali Fahmi Perwira and Sayeed, Md Shohel and Choi, Deok-Jai and Muthu, Kalaiarasi Sonai},
  journal={International Journal of Computer and Information Engineering},
  volume={6},
  pages={77--84},
  year={2012}
}
@inproceedings{bisio2014comparison,
  title={Comparison of situation awareness algorithms for remote health monitoring with smartphones},
  author={Bisio, Igor and Lavagetto, Fabio and Marchese, Mario and Sciarrone, Andrea},
  booktitle={Global Communications Conference (GLOBECOM), 2014 IEEE},
  pages={2454--2459},
  year={2014},
  organization={IEEE}
}
@incollection{kozina2013efficient,
  title={Efficient activity recognition and fall detection using accelerometers},
  author={Kozina, Simon and Gjoreski, Hristijan and Gams, Matja{\v{z}} and Lu{\v{s}}trek, Mitja},
  booktitle={Evaluating AAL Systems Through Competitive Benchmarking},
  pages={13--23},
  year={2013},
  publisher={Springer}
}

@inproceedings{avci2010activity,
  title={Activity recognition using inertial sensing for healthcare, wellbeing and sports applications: A survey},
  author={Avci, Akin and Bosch, Stephan and Marin-Perianu, Mihai and Marin-Perianu, Raluca and Havinga, Paul},
  booktitle={Architecture of computing systems (ARCS), 2010 23rd international conference on},
  pages={1--10},
  year={2010},
  organization={VDE}
}

@inproceedings{lockhart2012applications,
  title={Applications of mobile activity recognition},
  author={Lockhart, Jeffrey W and Pulickal, Tony and Weiss, Gary M},
  booktitle={Proceedings of the 2012 ACM Conference on Ubiquitous Computing},
  pages={1054--1058},
  year={2012},
  organization={ACM}
}
@article{lane2010survey,
  title={A survey of mobile phone sensing},
  author={Lane, Nicholas D and Miluzzo, Emiliano and Lu, Hong and Peebles, Daniel and Choudhury, Tanzeem and Campbell, Andrew T},
  journal={Communications Magazine, IEEE},
  volume={48},
  number={9},
  pages={140--150},
  year={2010},
  publisher={IEEE}
}
@article{rashvand2015smartphone,
  title={Smartphone intelligent applications: a brief review},
  author={Rashvand, Habib F and Hsiao, Kuei-Fang},
  journal={Multimedia Systems},
  volume={21},
  number={1},
  pages={103--119},
  year={2015},
  publisher={Springer}
}
@incollection{lester2006practical,
  title={A practical approach to recognizing physical activities},
  author={Lester, Jonathan and Choudhury, Tanzeem and Borriello, Gaetano},
  booktitle={Pervasive Computing},
  pages={1--16},
  year={2006},
  publisher={Springer}
}

@article{wu2012classification,
  title={Classification accuracies of physical activities using smartphone motion sensors},
  author={Wu, Wanmin and Dasgupta, Sanjoy and Ramirez, Ernesto E and Peterson, Carlyn and Norman, Gregory J},
  journal={Journal of medical Internet research},
  volume={14},
  number={5},
  pages={e130},
  year={2012},
  publisher={JMIR Publications Inc., Toronto, Canada}
}
@article{gupta2014feature,
  title={Feature selection and activity recognition system using a single triaxial accelerometer},
  author={Gupta, Puneet and Dallas, Tim},
  journal={Biomedical Engineering, IEEE Transactions on},
  volume={61},
  number={6},
  pages={1780--1786},
  year={2014},
  publisher={IEEE}
}

@inproceedings{ustev2013user,
  title={User, device and orientation independent human activity recognition on mobile phones: Challenges and a proposal},
  author={Ustev, Yunus Emre and Durmaz Incel, Ozlem and Ersoy, Cem},
  booktitle={Proceedings of the 2013 ACM conference on Pervasive and ubiquitous computing adjunct publication},
  pages={1427--1436},
  year={2013},
  organization={ACM}
}
@incollection{lee2011activity,
  title={Activity recognition using hierarchical hidden markov models on a smartphone with 3D accelerometer},
  author={Lee, Young-Seol and Cho, Sung-Bae},
  booktitle={Hybrid Artificial Intelligent Systems},
  pages={460--467},
  year={2011},
  publisher={Springer}
}

@incollection{brezmes2009activity,
  title={Activity recognition from accelerometer data on a mobile phone},
  author={Brezmes, Tomas and Gorricho, Juan-Luis and Cotrina, Josep},
  booktitle={Distributed computing, artificial intelligence, bioinformatics, soft computing, and ambient assisted living},
  pages={796--799},
  year={2009},
  publisher={Springer}
}

@inproceedings{priyantha2010enabling,
  title={Enabling energy efficient continuous sensing on mobile phones with littlerock},
  author={Priyantha, Bodhi and Lymberopoulos, Dimitrios and Liu, Jie},
  booktitle={Proceedings of the 9th ACM/IEEE International Conference on Information Processing in Sensor Networks},
  pages={420--421},
  year={2010},
  organization={ACM}
}

@inproceedings{rachuri2011sociablesense,
  title={Sociablesense: exploring the trade-offs of adaptive sampling and computation offloading for social sensing},
  author={Rachuri, Kiran K and Mascolo, Cecilia and Musolesi, Mirco and Rentfrow, Peter J},
  booktitle={Proceedings of the 17th annual international conference on Mobile computing and networking},
  pages={73--84},
  year={2011},
  organization={ACM}
}

@inproceedings{ravi2005activity,
  title={Activity recognition from accelerometer data},
  author={Ravi, Nishkam and Dandekar, Nikhil and Mysore, Preetham and Littman, Michael L},
  booktitle={AAAI},
  volume={5},
  pages={1541--1546},
  year={2005}
}

@inproceedings{raffa2010don,
  title={Don't slow me down: Bringing energy efficiency to continuous gesture recognition},
  author={Raffa, Giuseppe and Lee, Jinwon and Nachman, Lama and Song, Junehwa},
  booktitle={Wearable Computers (ISWC), 2010 International Symposium on},
  pages={1--8},
  year={2010},
  organization={IEEE}
}

@inproceedings{wang2009framework,
  title={A framework of energy efficient mobile sensing for automatic user state recognition},
  author={Wang, Yi and Lin, Jialiu and Annavaram, Murali and Jacobson, Quinn A and Hong, Jason and Krishnamachari, Bhaskar and Sadeh, Norman},
  booktitle={Proceedings of the 7th international conference on Mobile systems, applications, and services},
  pages={179--192},
  year={2009},
  organization={ACM}
}

@inproceedings{benbasat2007framework,
  title={A framework for the automated generation of power-efficient classifiers for embedded sensor nodes},
  author={Benbasat, Ari Y and Paradiso, Joseph A},
  booktitle={Proceedings of the 5th international conference on Embedded networked sensor systems},
  pages={219--232},
  year={2007},
  organization={ACM}
}

@inproceedings{berchtold2010actiserv,
  title={Actiserv: Activity recognition service for mobile phones},
  author={Berchtold, Martin and Budde, Matthias and Gordon, Dawud and Schmidtke, Hedda R and Beigl, Michael},
  booktitle={Wearable Computers (ISWC), 2010 International Symposium on},
  pages={1--8},
  year={2010},
  organization={IEEE}
}

@article{gyHorbiro2009activity,
  title={An activity recognition system for mobile phones},
  author={Gy{\H{o}}rb{\'\i}r{\'o}, Norbert and F{\'a}bi{\'a}n, {\'A}kos and Hom{\'a}nyi, Gergely},
  journal={Mobile Networks and Applications},
  volume={14},
  number={1},
  pages={82--91},
  year={2009},
  publisher={Springer}
}

@incollection{zappi2008activity,
  title={Activity recognition from on-body sensors: accuracy-power trade-off by dynamic sensor selection},
  author={Zappi, Piero and Lombriser, Clemens and Stiefmeier, Thomas and Farella, Elisabetta and Roggen, Daniel and Benini, Luca and Tr{\"o}ster, Gerhard},
  booktitle={Wireless sensor networks},
  pages={17--33},
  year={2008},
  publisher={Springer}
}

@article{siirtola2012recognizing,
  title={Recognizing human activities user-independently on smartphones based on accelerometer data},
  author={Siirtola, Pekka and R{\"o}ning, Juha},
  journal={International Journal of Interactive Multimedia and Artificial Intelligence},
  volume={1},
  number={5},
  year={2012}
}

@article{kwapisz2011activity,
  title={Activity recognition using cell phone accelerometers},
  author={Kwapisz, Jennifer R and Weiss, Gary M and Moore, Samuel A},
  journal={ACM SigKDD Explorations Newsletter},
  volume={12},
  number={2},
  pages={74--82},
  year={2011},
  publisher={ACM}
}

