@misc{numberofman,
  author = {中华人民共和国国家统计局},
  title = {{2015年国民经济和社会发展统计公报}},
  howpublished = "\url{http://www.gov.cn/xinwen/2016-02/29/content_5047274.htm}",
  year = {2016}
}
@misc{吴玉韶2014老龄蓝皮书,
  author={{吴玉韶,~党俊武,~等}},
  title={老龄蓝皮书: 中国老龄产业发展报告 (2014)},
  year={2014},
  publisher={北京: 社会科学文献出版社}
}

@misc{lan2002ieee,
  title={IEEE Computer Society: IEEE Standard for Local and Metropolitan Area Networks: Overview and Architecture},
  author={LAN/MAN Standards Committee and others},
  year={2002},
  publisher={IEEE Standard Association), New York-USA: The Institute of Electrical and Electronics Engineers, Inc}
}
@inproceedings{ameen2008qos,
  title={QoS issues with focus on wireless body area networks},
  author={Ameen, MA and Nessa, Ahsanun and Kwak, Kyung Sup},
  booktitle={Convergence and Hybrid Information Technology, 2008. ICCIT'08. Third International Conference on},
  volume={1},
  pages={801--807},
  year={2008},
  organization={IEEE}
}
@inproceedings{yan2012qos,
  title={QoS-driven scheduling approach using optimal slot allocation for Wireless Body Area Networks},
  author={Yan, Zhisheng and Liu, Bin and Chen, Chang Wen},
  booktitle={e-Health Networking, Applications and Services (Healthcom), 2012 IEEE 14th International Conference on},
  pages={267--272},
  year={2012},
  organization={IEEE}
}
@inproceedings{jamthe2014scheduling,
  title={Scheduling schemes for interference suppression in healthcare sensor networks},
  author={Jamthe, Anagha and Mishra, Anadi and Agrawal, Dharma P},
  booktitle={Communications (ICC), 2014 IEEE International Conference on},
  pages={391--396},
  year={2014},
  organization={IEEE}
}
@inproceedings{ali2015dynamic,
  title={Dynamic channel access scheme for interference mitigation in relay-assisted intra-WBANs},
  author={Ali, Mohamad Jaafar and Moungla, Hassine and Mehaoua, Ahmed},
  booktitle={Protocol Engineering (ICPE) and International Conference on New Technologies of Distributed Systems (NTDS), 2015 International Conference on},
  pages={1--6},
  year={2015},
  organization={IEEE}
}
@article{ali2016interference,
  title={Interference Avoidance Algorithm (IAA) for Multi-hop Wireless Body Area Network Communication},
  author={Ali, Mohamad Jaafar and Moungla, Hassine and Mehaoua, Ahmed},
  journal={arXiv preprint arXiv:1602.08658},
  year={2016}
}

@inproceedings{ashrafuzzaman2010towards,
  title={Towards a schedule based MAC protocol with QoS provisioning for sensor networks},
  author={Ashrafuzzaman, Kazi and Kwak, Kyung Sup},
  booktitle={Ubiquitous and Future Networks (ICUFN), 2010 Second International Conference on},
  pages={205--209},
  year={2010},
  organization={IEEE}
}
@inproceedings{memon2012packet,
  title={Packet loss ratio evaluation of the impact of interference on zigbee network caused by wi-fi (IEEE 802.11 b/g) in e-health environment},
  author={Memon, Muhammad Usman and Zhang, Li X and Shaikh, Bushra},
  booktitle={e-Health Networking, Applications and Services (Healthcom), 2012 IEEE 14th International Conference on},
  pages={462--465},
  year={2012},
  organization={IEEE}
}
@inproceedings{zhang2010performance,
  title={Performance of piconet co-existence schemes in wireless body area networks},
  author={Zhang, Andrew and Smith, David B and Miniutti, Dino and Hanlen, Leif W and Rodda, David and Gilbert, Ben},
  booktitle={Wireless Communications and Networking Conference (WCNC), 2010 IEEE},
  pages={1--6},
  year={2010},
  organization={IEEE}
}
@article{hayajneh2014survey,
  title={A survey of wireless technologies coexistence in WBAN: analysis and open research issues},
  author={Hayajneh, Thaier and Almashaqbeh, Ghada and Ullah, Sana and Vasilakos, Athanasios V},
  journal={Wireless Networks},
  volume={20},
  number={8},
  pages={2165--2199},
  year={2014},
  publisher={Springer}
}
@inproceedings{movassaghi2014smart,
  title={Smart spectrum allocation for interference mitigation in wireless body area networks},
  author={Movassaghi, Samaneh and Abolhasan, Mehran and Smith, David},
  booktitle={Communications (ICC), 2014 IEEE International Conference on},
  pages={5688--5693},
  year={2014},
  organization={IEEE}
}


@inproceedings{yuan2015dim,
  title={DIM: A novel decentralized interference mitigation scheme in WBAN},
  author={Yuan, Bin and Liu, Jing and Liu, Wenlong and Zheng, Shuqiang},
  booktitle={Wireless Communications \& Signal Processing (WCSP), 2015 International Conference on},
  pages={1--5},
  year={2015},
  organization={IEEE}
}
@article{cheng2013coloring,
  title={Coloring-based inter-WBAN scheduling for mobile wireless body area networks},
  author={Cheng, Shih Heng and Huang, Ching Yao},
  journal={Parallel and Distributed Systems, IEEE Transactions on},
  volume={24},
  number={2},
  pages={250--259},
  year={2013},
  publisher={IEEE}
}
@article{deylami2014distributed,
  title={A distributed scheme to manage the dynamic coexistence of IEEE 802.15. 4-based health-monitoring WBANs},
  author={Deylami, Mohammad N and Jovanov, Emil},
  journal={Biomedical and Health Informatics, IEEE Journal of},
  volume={18},
  number={1},
  pages={327--334},
  year={2014},
  publisher={IEEE}
}
@inproceedings{grassi2012b2irs,
  title={B$^2$IRS: A Technique to Reduce BAN-BAN Interferences in Wireless Sensor Networks},
  author={Grassi, Paolo Roberto and Rana, Vincenzo and Beretta, Ivan and Sciuto, Donatella},
  booktitle={Wearable and Implantable Body Sensor Networks (BSN), 2012 Ninth International Conference on},
  pages={46--51},
  year={2012},
  organization={IEEE}
}
@inproceedings{kim2012flexible,
  title={Flexible beacon scheduling scheme for interference mitigation in body sensor networks},
  author={Kim, Seungku and Kim, Seokhwan and Kim, Jin-Woo and Eom, Doo-Seop},
  booktitle={Sensor, Mesh and Ad Hoc Communications and Networks (SECON), 2012 9th Annual IEEE Communications Society Conference on},
  pages={157--164},
  year={2012},
  organization={IEEE}
}
@article{kim2013asynchronous,
  title={Asynchronous inter-network interference avoidance for wireless body area networks},
  author={Kim, Eui-Jik and Youm, Sungkwan and Shon, Taeshik and Kang, Chul-Hee},
  journal={The Journal of Supercomputing},
  volume={65},
  number={2},
  pages={562--579},
  year={2013},
  publisher={Springer}
}
@inproceedings{kazemi2012reinforcement,
  title={Reinforcement learning in power control games for internetwork interference mitigation in Wireless Body Area Networks},
  author={Kazemi, Ramtin and Vesilo, Rein and Dutkiewicz, Eryk and Liu, Ren Ping},
  booktitle={Communications and Information Technologies (ISCIT), 2012 International Symposium on},
  pages={256--262},
  year={2012},
  organization={IEEE}
}
@inproceedings{kazemi2011dynamic,
  title={Dynamic power control in wireless body area networks using reinforcement learning with approximation},
  author={Kazemi, Ramtin and Vesilo, Rein and Dutkiewicz, Eryk and Liu, Ren},
  booktitle={Personal Indoor and Mobile Radio Communications (PIMRC), 2011 IEEE 22nd International Symposium on},
  pages={2203--2208},
  year={2011},
  organization={IEEE}
}
@inproceedings{shin2012game,
  title={A game theory model to support qos in overlapped wban environment},
  author={Shin, Sangbae and Weidong, Su and Cho, Jinsung},
  booktitle={Proceedings of the 6th International Conference on Ubiquitous Information Management and Communication},
  pages={47},
  year={2012},
  organization={ACM}
}
@article{wang2013cooperative,
  title={Cooperative scheduling for coexisting body area networks},
  author={Wang, Lusheng and Goursaud, Claire and Nikaein, Navid and Cottatellucci, Laura and Gorce, J},
  journal={Wireless Communications, IEEE Transactions on},
  volume={12},
  number={1},
  pages={123--133},
  year={2013},
  publisher={IEEE}
}
@inproceedings{fang2010distributed,
  title={Distributed inter-network interference coordination for wireless body area networks},
  author={Fang, Gengfa and Dutkiewicz, Eryk and Yu, Kegen and Vesilo, Rein and Yu, Yiwei},
  booktitle={Global Telecommunications Conference (GLOBECOM 2010), 2010 IEEE},
  pages={1--5},
  year={2010},
  organization={IEEE}
}
@article{zhang2013interference,
  title={Interference mitigation for cyber-physical wireless body area network system using social networks},
  author={Zhang, Zhaoyang and Wang, Honggang and Wang, Chonggang and Fang, Hua},
  journal={Emerging Topics in Computing, IEEE Transactions on},
  volume={1},
  number={1},
  pages={121--132},
  year={2013},
  publisher={IEEE}
}
@inproceedings{wu2010disg,
  title={DISG: Decentralized inter-user interference suppression in body sensor networks with non-cooperative game},
  author={Wu, Guowei and Ren, Jiankang and Xia, Feng and Yao, Lin and Xu, Zichuan},
  booktitle={Ubiquitous Intelligence  Computing and 7th International Conference on Autonomic  Trusted Computing (UIC/ATC), 2010 7th International Conference on},
  pages={256--261},
  year={2010},
  organization={IEEE}
}
@inproceedings{kazemi2011novel,
  title={A novel genetic-fuzzy power controller with feedback for interference mitigation in wireless body area networks},
  author={Kazemi, Ramtin and Vesilo, Rein and Dutkiewicz, Eryk},
  booktitle={Vehicular Technology Conference (VTC Spring), 2011 IEEE 73rd},
  pages={1--5},
  year={2011},
  organization={IEEE}
}
@article{yang2012interference,
  title={Interference mitigation using adaptive schemes in body area networks},
  author={Yang, Wen-Bin and Sayrafian-Pour, Kamran},
  journal={International Journal of Wireless Information Networks},
  volume={19},
  number={3},
  pages={193--200},
  year={2012},
  publisher={Springer}
}
@inproceedings{barakah2012survey,
  title={A survey of challenges and applications of wireless body area network (WBAN) and role of a virtual doctor server in existing architecture},
  author={Barakah, Deena M and Ammad-uddin, Muhammad},
  booktitle={Intelligent Systems, Modelling and Simulation (ISMS), 2012 Third International Conference on},
  pages={214--219},
  year={2012},
  organization={IEEE}
}
@article{movassaghi2014wireless,
  title={Wireless body area networks: A survey},
  author={Movassaghi, Samaneh and Abolhasan, Mehran and Lipman, Justin and Smith, David and Jamalipour, Abbas},
  journal={Communications Surveys \& Tutorials, IEEE},
  volume={16},
  number={3},
  pages={1658--1686},
  year={2014},
  publisher={IEEE}
}
@inproceedings{zou2014bayesian,
  title={Bayesian game based power control scheme for inter-wban interference mitigation},
  author={Zou, Lei and Liu, Bin and Chen, Chang and Chen, Chang Wen},
  booktitle={Global Communications Conference (GLOBECOM), 2014 IEEE},
  pages={240--245},
  year={2014},
  organization={IEEE}
}
@inproceedings{hong1999group,
  title={A group mobility model for ad hoc wireless networks},
  author={Hong, Xiaoyan and Gerla, Mario and Pei, Guangyu and Chiang, Ching-Chuan},
  booktitle={Proceedings of the 2nd ACM international workshop on Modeling, analysis and simulation of wireless and mobile systems},
  pages={53--60},
  year={1999},
  organization={ACM}
}
@article{camp2002survey,
  title={A survey of mobility models for ad hoc network research},
  author={Camp, Tracy and Boleng, Jeff and Davies, Vanessa},
  journal={Wireless communications and mobile computing},
  volume={2},
  number={5},
  pages={483--502},
  year={2002},
  publisher={Wiley Online Library}
}
@inproceedings{nabi2011moban,
  title={MoBAN: A configurable mobility model for wireless body area networks},
  author={Nabi, Majid and Geilen, Marc and Basten, Twan},
  booktitle={Proceedings of the 4th International ICST Conference on Simulation Tools and Techniques},
  pages={168--177},
  year={2011},
  organization={ICST (Institute for Computer Sciences, Social-Informatics and Telecommunications Engineering)}
}
@incollection{venkateswari2015cross,
  title={A Cross-Layer Analysis for Providing Mobility in Wireless Body Area Networks},
  author={Venkateswari, R and SubhaRani, S and Sudharshan, V and Umadharshini, R},
  booktitle={Artificial Intelligence and Evolutionary Algorithms in Engineering Systems},
  pages={625--632},
  year={2015},
  publisher={Springer}
}
@article{misra2015random,
  title={Random room mobility model and extra-wireless body area network communication in hospital buildings},
  author={Misra, Sudip and Mahapatro, Judhistir and Mahadevappa, Manjunatha and Islam, Nahina},
  journal={Networks, IET},
  volume={4},
  number={1},
  pages={54--64},
  year={2015},
  publisher={IET}
}
@inproceedings{kazemi2010inter,
  title={Inter-network interference mitigation in wireless body area networks using power control games},
  author={Kazemi, Ramtin and Vesilo, Rein and Dutkiewicz, Eryk and Fang, Gengfa},
  booktitle={Communications and Information Technologies (ISCIT), 2010 International Symposium on},
  pages={81--86},
  year={2010},
  organization={IEEE}
}
@article{fudenberg1991game,
  title={Game theory mit press},
  author={Fudenberg, Drew and Tirole, Jean},
  journal={Cambridge, MA},
  pages={86},
  year={1991}
}
@book{berinde2007iterative,
  title={Iterative approximation of fixed points},
  author={Berinde, Vasile},
  volume={1912},
  year={2007},
  publisher={Springer}
}
@incollection{cachon2004game,
  title={Game theory in supply chain analysis},
  author={Cachon, Gerard P and Netessine, Serguei},
  booktitle={Handbook of Quantitative Supply Chain Analysis},
  pages={13--65},
  year={2004},
  publisher={Springer}
}
@inproceedings{takizawa2008channel,
  title={Channel models for wireless body area networks},
  author={Takizawa, Kenichi and Aoyagi, Takahiro and Takada, Jun-ichi and Katayama, Norihiko and Yekeh, Kamya and Yazdandoost, Kamya Yekeh and Kobayashi, Takehiko},
  booktitle={Engineering in Medicine and Biology Society, 2008. EMBS 2008. 30th Annual International Conference of the IEEE},
  pages={1549--1552},
  year={2008},
  organization={IEEE}
}
@inproceedings{ren2006understanding,
  title={Understanding the mobility model of wireless body sensor networks},
  author={Ren, Hongliang and Meng, Max QH},
  booktitle={Information Acquisition, 2006 IEEE International Conference on},
  pages={306--310},
  year={2006},
  organization={IEEE}
}
@book{basar1999dynamic,
  title={Dynamic noncooperative game theory},
  author={Basar, Tamer and Olsder, Geert Jan},
  volume={23},
  year={1999},
  publisher={Siam}
}
@book{wupeng2010matlab,
  title={MATLAB 高效编程技巧与应用: 25 个案例分析},
  author={吴鹏},
  pages={94--98},
  year={2010},
  publisher={北京航空航天大学}
}
